<record><leader>00000cas a22000007a 4500</leader><controlfield tag="001">10129686</controlfield><controlfield tag="008">831115c19429999mtuwr ne      0   a0eng d</controlfield><datafield ind1=" " ind2=" " tag="010"><subfield code="a">sn 83003533 </subfield></datafield><datafield ind1=" " ind2=" " tag="040"><subfield code="a">NSD</subfield><subfield code="b">eng</subfield><subfield code="c">NSD</subfield><subfield code="d">MTL</subfield><subfield code="d">NSD</subfield><subfield code="d">OCLCQ</subfield></datafield><datafield ind1=" " ind2=" " tag="012"><subfield code="m">1</subfield></datafield><datafield ind1="1" ind2=" " tag="022"><subfield code="a">0746-5572</subfield><subfield code="l">0746-5572</subfield><subfield code="2">1</subfield></datafield><datafield ind1=" " ind2=" " tag="032"><subfield code="a">255080</subfield><subfield code="b">USPS</subfield></datafield><datafield ind1=" " ind2=" " tag="042"><subfield code="a">nsdp</subfield></datafield><datafield ind1="0" ind2=" " tag="130"><subfield code="a">Hysham echo (Hysham, Mont. : 1942)</subfield></datafield><datafield ind1=" " ind2="0" tag="222"><subfield code="a">Hysham echo</subfield></datafield><datafield ind1="1" ind2="0" tag="245"><subfield code="a">Hysham echo.</subfield></datafield><datafield ind1=" " ind2=" " tag="260"><subfield code="a">Hysham, Mont. :</subfield><subfield code="b">O.G. Isaac,</subfield><subfield code="c">1942-</subfield></datafield><datafield ind1=" " ind2=" " tag="300"><subfield code="a">v. :</subfield><subfield code="b">ill. ;</subfield><subfield code="c">43 cm.</subfield></datafield><datafield ind1=" " ind2=" " tag="310"><subfield code="a">Weekly</subfield></datafield><datafield ind1="0" ind2=" " tag="362"><subfield code="a">Vol. 31, no. 39 (Sept. 10, 1942)-</subfield></datafield><datafield ind1=" " ind2=" " tag="752"><subfield code="a">United States</subfield><subfield code="b">Montana</subfield><subfield code="c">Treasure</subfield><subfield code="d">Hysham.</subfield></datafield><datafield ind1="0" ind2="0" tag="780"><subfield code="t">Midland empire farmer</subfield><subfield code="w">(DLC)sn 86075245</subfield></datafield><datafield ind1="1" ind2=" " tag="029"><subfield code="a">AU@</subfield><subfield code="b">000025821913</subfield></datafield></record>